<record xmlns="http://www.loc.gov/MARC21/slim" xmlns:xsi="http://www.w3.org/2001/XMLSchema-instance" xsi:schemaLocation="http://www.loc.gov/MARC21/slim http://www.loc.gov/standards/marcxml/schema/MARC21slim.xsd"><leader>00970cz   2200229n  4500</leader><controlfield tag="001">oca00078842 </controlfield><controlfield tag="005">19850607095211.2</controlfield><controlfield tag="008">800825n| acannaab|          |a aaa |||  </controlfield><datafield ind1=" " ind2=" " tag="010"><subfield code="a">n  50043676 </subfield></datafield><datafield ind1=" " ind2=" " tag="040"><subfield code="a">DLC</subfield><subfield code="c">DLC</subfield><subfield code="d">DLC</subfield></datafield><datafield ind1="0" ind2=" " tag="100"><subfield code="a">Agathias,</subfield><subfield code="d">d. 582.</subfield></datafield><datafield ind1="0" ind2=" " tag="400"><subfield code="a">Agathias,</subfield><subfield code="c">Scholasticus,</subfield><subfield code="d">d. 582</subfield></datafield><datafield ind1="0" ind2=" " tag="400"><subfield code="a">AgafiiÌ&#x86;,</subfield><subfield code="d">d. 582</subfield></datafield><datafield ind1="0" ind2=" " tag="400"><subfield code="a">Agathia,</subfield><subfield code="c">Myrinaeus,</subfield><subfield code="d">d. 582</subfield></datafield><datafield ind1=" " ind2=" " tag="670"><subfield code="a">Cousin, L.</subfield><subfield code="b">Hist. de l'emporeur Justinien, 1685.</subfield></datafield><datafield ind1=" " ind2=" " tag="670"><subfield code="a">MegaleÌ&#x84; HelleÌ&#x84;nikeÌ&#x84; enkykl.</subfield><subfield code="b">(Agathias, b. in Myrine, 6th cent., historian)</subfield></datafield><datafield ind1=" " ind2=" " tag="670"><subfield code="a">Encycl. Brit.</subfield><subfield code="b">(b. c536 in Myrina, d. c582; Agathias)</subfield></datafield><datafield ind1=" " ind2=" " tag="670"><subfield code="a">Krumbacher.</subfield><subfield code="b">(Agathias; after he finished his studies in Byzantium, he became a lawyer, and "Scholastikos" was like byname)</subfield></datafield><datafield ind1=" " ind2=" " tag="670"><subfield code="a">Encycl. Americana.</subfield><subfield code="b">(Agathias (c536-582) historian surnamed Scholasticus)</subfield></datafield><datafield ind1=" " ind2=" " tag="670"><subfield code="a">BM.</subfield><subfield code="b">(Agathias Scholasticus see Agathias)</subfield></datafield><datafield ind1=" " ind2=" " tag="670"><subfield code="a">LC manual auth. cd.</subfield><subfield code="b">(Agathias, scholasticus, d. 582)</subfield></datafield><datafield ind1=" " ind2=" " tag="675"><subfield code="a">Collier's.</subfield></datafield></record>